
@article{pathan14,
year={2014},
issn={0922-6443},
journal={Real-Time Systems},
volume={50},
number={4},
doi={10.1007/s11241-014-9202-z},
title={Fault-tolerant and real-time scheduling for mixed-criticality systems},
url={http://dx.doi.org/10.1007/s11241-014-9202-z},
publisher={Springer US},
keywords={Run-time support; Real-time scheduling; Fixed-priority scheduling; Mixed-criticality systems; Fault-tolerance},
author={Pathan, RisatMahmud},
pages={509-547},
language={English}
}
 

@INPROCEEDINGS{baruah2011response, 
author={Baruah, S.K. and Burns, A. and Davis, R.I.}, 
booktitle={Real-Time Systems Symposium (RTSS), 2011 IEEE 32nd}, 
title={Response-Time Analysis for Mixed Criticality Systems}, 
year={2011}, 
pages={34-43}, 
keywords={certification;embedded systems;processor scheduling;safety-critical software;certification requirements;fixed priority uniprocessor scheduling;mixed criticality system;optimal priority assignment scheme;response-time analysis;run-time monitoring;safety-critical embedded system;static schedulability analysis;Computer science;Educational institutions;Electronic mail;Monitoring;Real time systems;Switches;Time factors;mixed criticality;real-time systems;scheduling}, 
doi={10.1109/RTSS.2011.12}, 
ISSN={1052-8725}, 
month={Nov},}

@article{burns2013mixed,
  title={Mixed criticality systems-a review},
  author={Burns, Alan and Davis, Robert},
  journal={Department of Computer Science, University of York, Tech. Rep},
  year={2013} 
}

@INPROCEEDINGS{gu2014partitioned, 
author={Chuancai Gu and Nan Guan and Qingxu Deng and Wang Yi}, 
booktitle={Design, Automation and Test in Europe Conference and Exhibition (DATE), 2014}, 
title={Partitioned mixed-criticality scheduling on multiprocessor platforms}, 
year={2014}, 
pages={1-6}, 
keywords={embedded systems;multiprocessing systems;EY;MPVD;computing capacities;criticality levels;embedded systems;multicore processors;multiple functionalities;multiprocessor platforms;partitioned mixed-criticality scheduling;performance improvement;shared platform;single-processor platforms;Partitioning algorithms;Program processors;Resource management;Scheduling;Scheduling algorithms;Tuning}, 
doi={10.7873/DATE.2014.305}, 
month={March},}

@inproceedings{rodriguez2013multi, 
  title={Multi-criteria evaluation of partitioned edf-vd for mixed-criticality systems upon identical processors},
  author={Rodriguez, Paul and George, Laurent and Abdedda{\"\i}m, Yasmina and Goossens, Jo{\"e}l},
  booktitle={Workshop on Mixed Criticality Systems},
  year={2013}
}

@INPROCEEDINGS{zaid15, 
author={Al-bayati, Z. and Qingling Zhao and Youssef, A. and Haibo Zeng and Zonghua Gu}, 
booktitle={Design Automation Conference (ASP-DAC), 2015 20th Asia and South Pacific}, 
title={Enhanced partitioned scheduling of Mixed-Criticality Systems on multicore platforms}, 
year={2015}, 
pages={630-635}, 
keywords={multiprocessing systems;safety-critical software;scheduling;DPM algorithm;MCS;dual-partitioned mixed-criticality;enhanced partitioned scheduling;mixed-criticality system;multicore platform;Multicore processing;Partitioning algorithms;Processor scheduling;Program processors;Real-time systems;Schedules;Scheduling}, 
doi={10.1109/ASPDAC.2015.7059079}, 
month={Jan},}

@INPROCEEDINGS{bate2015bailout, 
author={Bate, Iain and Burns, Alan and Davis, Robert I.}, 
booktitle={Real-Time Systems (ECRTS), 2015 27th Euromicro Conference on}, 
title={A Bailout Protocol for Mixed Criticality Systems}, 
year={2015}, 
pages={259-268}, 
keywords={Analytical models;Interference;Measurement;Protocols;Robustness;Runtime;Standards;Mixed Criticality Systems;Real-Time;Scheduling}, 
doi={10.1109/ECRTS.2015.30}, 
month={July},}

@inproceedings{dobel2012watches,
  title={Who watches the watchmen? protecting operating system reliability mechanisms},
  author={D{\"o}bel, Bj{\"o}rn and H{\"a}rtig, Hermann},
  booktitle={International Workshop on Hot Topics in System Dependability (HotDep)},
  year={2012}
}

@inproceedings{kang2014static,
 author = {Kang, Shin-haeng and Yang, Hoeseok and Kim, Sungchan and Bacivarov, Iuliana and Ha, Soonhoi and Thiele, Lothar},
 title = {Static Mapping of Mixed-Critical Applications for Fault-Tolerant MPSoCs},
 booktitle = {Proceedings of the 51st Annual Design Automation Conference},
 series = {DAC '14},
 year = {2014},
 isbn = {978-1-4503-2730-5},
 location = {San Francisco, CA, USA},
 pages = {31:1--31:6},
 articleno = {31},
 numpages = {6},
 url = {http://doi.acm.org/10.1145/2593069.2593221},
 doi = {10.1145/2593069.2593221},
 acmid = {2593221},
 publisher = {ACM},
 address = {New York, NY, USA},
 keywords = {Mixed-Criticality, Re-execution, Replication, Task Dropping, Worst-Case Response Time},
} 

@ARTICLE{bolchini2013reliability, 
author={Bolchini, C. and Miele, A.}, 
journal={Computers, IEEE Transactions on}, 
title={Reliability-Driven System-Level Synthesis for Mixed-Critical Embedded Systems}, 
year={2013}, 
volume={62}, 
number={12}, 
pages={2489-2502}, 
keywords={embedded systems;fault diagnosis;fault tolerant computing;hardware-software codesign;safety-critical software;scheduling;HW-SW codesign;classical system-level design flow;fault detection-tolerance mechanisms;fault management property;hardening techniques;hardware-software codesign;mixed-critical embedded systems;reliability-driven system-level synthesis;safety-critical software;scheduling step;Computer architecture;Embedded systems;Event detection;Fault tolerance;Fault tolerant systems;Reliability engineering;Reliability;design space exploration;mapping and scheduling;soft errors;system-level synthesis}, 
doi={10.1109/TC.2012.226}, 
ISSN={0018-9340}, 
month={Dec},}

@article{huang2012framework,
year={2012},
issn={0929-5585},
journal={Design Automation for Embedded Systems},
volume={16},
number={4},
doi={10.1007/s10617-013-9105-6},
title={A framework for reliability-aware design exploration on MPSoC based systems},
url={http://dx.doi.org/10.1007/s10617-013-9105-6},
publisher={Springer US},
keywords={Reliability; Fault-tolerance; Design exploration; Real-time systems},
author={Huang, Jia and Raabe, Andreas and Huang, Kai and Buckl, Christian and Knoll, Alois},
pages={189-220},
language={English}
}

@INPROCEEDINGS{kang2014reliability, 
author={Shin-Haeng Kang and Hoeseok Yang and Sungchan Kim and Bacivarov, I. and Soonhoi Ha and Thiele, L.}, 
booktitle={Design, Automation and Test in Europe Conference and Exhibition (DATE), 2014}, 
title={Reliability-aware mapping optimization of multi-core systems with mixed-criticality}, 
year={2014}, 
pages={1-4}, 
keywords={multiprocessing systems;optimisation;probability;reliability;scheduling;mixed critical multicore systems;modular redundancy;optimized voter placement;passive replication;quantitative reliability metric;reliability aware mapping optimization;scheduling analysis;Digital TV;Optimization;Power dissipation;Program processors;Reliability;Safety;Standards}, 
doi={10.7873/DATE.2014.340}, 
month={March},}

@inproceedings{reis2005swift,
  title={{SWIFT: Software implemented fault tolerance}},
  author={Reis, George A and Chang, Jonathan and Vachharajani, Neil and Rangan, Ram and August, David I},
  booktitle={Proceedings of the international symposium on Code generation and optimization},
  pages={243--254},
  year={2005},
  organization={IEEE Computer Society}
}

@inproceedings{lafrieda2007utilizing,
  title={Utilizing dynamically coupled cores to form a resilient chip multiprocessor},
  author={LaFrieda, Christopher and Ipek, Engin and Martinez, Jose F and Manohar, Rajit},
  booktitle={Dependable Systems and Networks, 2007. DSN'07. 37th Annual IEEE/IFIP International Conference on},
  pages={317--326},
  year={2007},
  organization={IEEE}
}

@inproceedings{dobel2012operating,
  title={Operating system support for redundant multithreading},
  author={D{\"o}bel, Bj{\"o}rn and H{\"a}rtig, Hermann and Engel, Michael},
  booktitle={Proceedings of the tenth ACM international conference on Embedded software},
  pages={83--92},
  year={2012},
  organization={ACM}
}

@inproceedings{fu2013demand,
  title={On-demand thread-level fault detection in a concurrent programming environment},
  author={Fu, Jian and Yang, Qiang and Poss, Raphael and Jesshope, Chris R and Zhang, Chunyuan},
  booktitle={Embedded Computer Systems: Architectures, Modeling, and Simulation (SAMOS XIII), 2013 International Conference on},
  pages={255--262},
  year={2013},
  organization={IEEE}
}


@inproceedings{nathan2014nostradamus,
  title={Nostradamus: Low-cost hardware-only error detection for processor cores},
  author={Nathan, Ralph and Sorin, Daniel J},
  booktitle={Design, Automation and Test in Europe Conference and Exhibition (DATE), 2014},
  pages={1--6},
  year={2014},
  organization={IEEE}
}

@inproceedings{meixner2007argus,
  title={Argus: Low-cost, comprehensive error detection in simple cores},
  author={Meixner, Albert and Bauer, Michael E and Sorin, Daniel J},
  booktitle={Microarchitecture, 2007. MICRO 2007. 40th Annual IEEE/ACM International Symposium on},
  pages={210--222},
  year={2007},
  organization={IEEE}
}


@inproceedings{ferreira2014adaptive,
  title={Adaptive Low-Power Architecture for High-Performance and Reliable Embedded Computing},
  author={Ferreira, Ronaldo R and Rolt, Jean da and Nazar, Gabriel L and Moreira, Alvaro F and Carro, Luigi},
  booktitle={Dependable Systems and Networks (DSN), 2014 44th Annual IEEE/IFIP International Conference on},
  year={2014},
  organization={IEEE}
}

@inproceedings{Meyer:13,
	author = {{B. H. Meyer, M. Liu, \emph{et al.}}},
	title =  {Rapid, Tunable Error Detection with Execution Fingerprinting},
	booktitle = {SAE 2013 AeroTech},
	year = 2013,
	}
	
	
	@inproceedings{vestal07,
  title={Preemptive scheduling of multi-criticality systems with varying degrees of execution time assurance},
  author={Vestal, Steve},
  booktitle={Real-Time Systems Symposium, 2007. RTSS 2007. 28th IEEE International},
  pages={239--243},
  year={2007},
  organization={IEEE}
}

@book{relbook,
  title={Reliable Computer Systems: Design and Evaluatuion},
  author={Siewiorek, Daniel and Swarz, Robert},
  year={2014},
  publisher={Digital Press}
}

@inproceedings{importance14,
  title={Incorporating the notion of importance into mixed criticality systems},
  author={Fleming, Tom and Burns, Alan},
  booktitle={Proc. 2nd Workshop on Mixed Criticality Systems (WMC), RTSS},
  pages={33--38},
  year={2014}
}

@inproceedings{santy2013two,
  title={Two protocols to reduce the criticality level of multiprocessor mixed-criticality systems},
  author={Santy, Fran{\c{c}}ois and Raravi, Gurulingesh and Nelissen, Geoffrey and Nelis, Vincent and Kumar, Pratyush and Goossens, Jo{\"e}l and Tovar, Eduardo},
  booktitle={Proceedings of the 21st International Conference on Real-Time Networks and Systems},
  pages={183--192},
  year={2013},
  organization={ACM}
}

@article{bini2005measuring,
  title={Measuring the performance of schedulability tests},
  author={Bini, Enrico and Buttazzo, Giorgio C},
  journal={Real-Time Systems},
  volume={30},
  number={1-2},
  pages={129--154},
  year={2005},
  publisher={Springer}
}

@article{baruah2014mixed,
  title={Mixed-criticality scheduling on multiprocessors},
  author={Baruah, Sanjoy and Chattopadhyay, Bipasa and Li, Haohan and Shin, Insik},
  journal={Real-Time Systems},
  volume={50},
  number={1},
  pages={142--177},
  year={2014},
  publisher={Springer}
}

@inproceedings{yip2014relaxing,
  title={Relaxing the synchronous approach for mixed-criticality systems},
  author={Yip, Eugene and Kuo, Matthew MY and Roop, Partha S and Broman, David},
  booktitle={Real-Time and Embedded Technology and Applications Symposium (RTAS), 2014 IEEE 20th},
  pages={89--100},
  year={2014},
  organization={IEEE}
}

@article{burns2013towards,
  title={Towards a more practical model for mixed criticality systems},
  author={Burns, Alan and Baruah, Sanjoy},
  journal={Proc. WMC, RTSS},
  pages={1--6},
  year={2013}
}

@inproceedings{huang2014scheduling,
  title={On the scheduling of fault-tolerant mixed-criticality systems},
  author={Huang, Pengcheng and Yang, Hoeseok and Thiele, Lothar},
  booktitle={Design Automation Conference (DAC), 2014 51st ACM/EDAC/IEEE},
  pages={1--6},
  year={2014},
  organization={IEEE}
}

@inproceedings{lin2014scheduling,
  title={Scheduling mixed-criticality realtime tasks with fault tolerance},
  author={Lin, J and Cheng, Albert MK and Steel, Douglas and Wu, Michael Yu-Chi},
  booktitle={Proc. 2nd Workshop on Mixed Criticality Systems (WMC), RTSS},
  pages={39--44},
  year={2014}
}

@inproceedings{thekkilakattil2014mixed,
  title={Mixed criticality scheduling in fault-tolerant distributed real-time systems},
  author={Thekkilakattil, Abhilash and Dobrin, Radu and Punnekkat, Sasikumar},
  booktitle={Embedded Systems (ICES), 2014 International Conference on},
  pages={92--97},
  year={2014},
  organization={IEEE}
}

@inproceedings{axer2011reliability,
  title={Reliability analysis for MPSoCs with mixed-critical, hard real-time constraints},
  author={Axer, Philip and Sebastian, Maurice and Ernst, Rolf},
  booktitle={Hardware/Software Codesign and System Synthesis (CODES+ ISSS), 2011 Proceedings of the 9th International Conference on},
  pages={149--158},
  year={2011},
  organization={IEEE}
}

@article{bini2005measuring,
  title={Measuring the performance of schedulability tests},
  author={Bini, Enrico and Buttazzo, Giorgio C},
  journal={Real-Time Systems},
  volume={30},
  number={1-2},
  pages={129--154},
  year={2005},
  publisher={Springer}
}
