@article{bolchini2013reliability,
  title={Reliability-driven system-level synthesis for mixed-critical embedded systems},
  author={Bolchini, Cristiana and Miele, Antonio},
  journal={Computers, IEEE Transactions on},
  volume={62},
  number={12},
  pages={2489--2502},
  year={2013},
  publisher={IEEE}
}

@misc{geatbx,
  author = {Geat BX},
  title = {Evolutionary Algorithms: Overview, Methods and Operators},
  howpublished = {\url{http://www.geatbx.com/docu/docutoc.html#TopOfPage}},
  note = {Accessed: 2015-03-12}
}

@article{eles2000scheduling,
  title={Scheduling with bus access optimization for distributed embedded systems},
  author={Eles, Petru and Doboli, Alex and Pop, Paul and Peng, Zebo},
  journal={Very Large Scale Integration (VLSI) Systems, IEEE Transactions on},
  volume={8},
  number={5},
  pages={472--491},
  year={2000},
  publisher={IEEE}
}

@article{bolchini2010multi,
  title={A multi-objective genetic algorithm framework for design space exploration of reliable FPGA-based systems},
  author={Bolchini, Cristiana and others},
  year={2010},
  publisher={Citeseer}
}

@misc{jgap,
  author = {JGAP},
  title = {{JGAP: Java Genetic Algorithms Package}},
  year={2012},
  howpublished={\url{http://jgap.sourceforge.net/}}
}
