%%% Brett added

@article{Baumann:05,
   author = {Baumann, Robert C},
   title = {Radiation-induced soft errors in advanced semiconductor technologies},
   journal = {IEEE Trans. Device Mater. Rel.},
   volume = {5},
   number = {3},
   year = {2005}
}
@article{avissar2002optimal,
  title={An optimal memory allocation scheme for scratch-pad-based embedded systems},
  author={Avissar, Oren and Barua, Rajeev and Stewart, Dave},
  journal={ACM Transactions on Embedded Computing Systems (TECS)},
  volume={1},
  number={1},
  pages={6--26},
  year={2002},
  publisher={ACM}
}
@inproceedings{dobel2012watches,
  title={Who watches the watchmen? protecting operating system reliability mechanisms},
  author={D{\"o}bel, Bj{\"o}rn and H{\"a}rtig, Hermann},
  booktitle={International Workshop on Hot Topics in System Dependability (HotDep)},
  year={2012}
}
@inproceedings{kandemir2001dynamic,
  title={Dynamic management of scratch-pad memory space},
  author={Kandemir, Mahmut and Ramanujam, J and Irwin, J and Vijaykrishnan, Narayanan and Kadayif, Ismail and Parikh, Amisha},
  booktitle={Proceedings of the 38th annual Design Automation Conference},
  pages={690--695},
  year={2001},
  organization={ACM}
}
@article{egger2010scratchpad,
  title={Scratchpad memory management techniques for code in embedded systems without an mmu},
  author={Egger, Bernhard and Kim, Seungkyun and Jang, Choonki and Lee, Jaejin and Min, Sang Lyul and Shin, Heonshik},
  journal={Computers, IEEE Transactions on},
  volume={59},
  number={8},
  pages={1047--1062},
  year={2010},
  publisher={IEEE}
}
@inproceedings{francesco2004integrated,
  title={An integrated hardware/software approach for run-time scratchpad management},
  author={Francesco, Poletti and Marchal, Paul and Atienza, David and Benini, Luca and Catthoor, Francky and Mendias, Jose M},
  booktitle={Proceedings of the 41st annual Design Automation Conference},
  pages={238--243},
  year={2004},
  organization={ACM}
}
%  author={Kim, Jangwoo and Hardavellas, Nikos and Mai, Ken and Falsafi, Babak and Hoe, James},
@inproceedings{Kim:07,
  title={Multi-bit error tolerant caches using two-dimensional error coding},
  author={{J. Kim, N. Hardavellas, \emph{et al.}}},
  booktitle={ISCA-40},
  year={2007},
}

@article{Szafaryn:13,
author = {Szafaryn, Lukasz G. and Meyer, Brett H. and Skadron, Kevin},
journal = {IEEE Micro},
number = {4},
pages = {56--65},
title = {{Evaluating overheads of multibit soft-error protection in the processor core}},
volume = {33},
year = {2013}
}



%%% surveys

@article{nelson:ftcfc, 
author={Nelson, V.P.}, 
title={Fault-tolerant computing: fundamental concepts}, 
journal= {Computer}, 
year={1990}, 
month={July}, 
volume={23}, 
number={7}, 
}

@article{prasad:ftds, 
author={Prasad, V.B.}, 
title={Fault tolerant digital systems}, 
journal={IEEE Potentials}, 
year={1989}, 
month={February}, 
volume={8}, 
number={1}, 
}
@inproceedings{reis2005swift,
  title={{SWIFT: Software implemented fault tolerance}},
  author={Reis, George A and Chang, Jonathan and Vachharajani, Neil and Rangan, Ram and August, David I},
  booktitle={Proceedings of the international symposium on Code generation and optimization},
  pages={243--254},
  year={2005},
  organization={IEEE Computer Society}
}
@inproceedings{li2005memory,
  title={Memory coloring: A compiler approach for scratchpad memory management},
  author={Li, Lian and Gao, Lin and Xue, Jingling},
  booktitle={Parallel Architectures and Compilation Techniques, 2005. PACT 2005. 14th International Conference on},
  pages={329--338},
  year={2005},
  organization={IEEE}
}


@inproceedings{suhendra2005wcet,
  title={{WCET centric data allocation to scratchpad memory}},
  author={Suhendra, Vivy and Mitra, Tulika and Roychoudhury, Abhik and Chen, Ting},
  booktitle={Real-Time Systems Symposium, 2005. RTSS 2005. 26th IEEE International},
  pages={10--pp},
  year={2005},
  organization={IEEE}
}

@article{cristian:ftds,
 author = {Cristian, Flavin},
 title = {Understanding fault-tolerant distributed systems},
 journal = {Commun. ACM},
 volume = {34},
 number = {2},
 year = {1991},
 }

@book{mukherjee:avf,
  author = {Shubu Mukherjee},
  title = {Architecture Design for Soft Errors},
  year = {2008},
  publisher = {Morgan-Kaufmann},
}

@inproceedings{steinke2002assigning,
  title={Assigning program and data objects to scratchpad for energy reduction},
  author={Steinke, Stefan and Wehmeyer, Lars and Lee, Bo-Sik and Marwedel, Peter},
  booktitle={Design, Automation and Test in Europe Conference and Exhibition, 2002. Proceedings},
  pages={409--415},
  year={2002},
  organization={IEEE}
}

@inproceedings{kinnan2009use,
  title={Use of multicore processors in avionics systems and its potential impact on implementation and certification},
  author={Kinnan, Larry M},
  booktitle={Digital Avionics Systems Conference, 2009. DASC'09. IEEE/AIAA 28th},
  pages={1--E},
  year={2009},
  organization={IEEE}
}

@article{swingler2000degradation,
  title={Degradation of road tested automotive connectors},
  author={Swingler, Johnathan and McBride, John W and Maul, Christian},
  journal={Components and Packaging Technologies, IEEE Transactions on},
  volume={23},
  number={1},
  pages={157--164},
  year={2000},
  publisher={IEEE}
}

@article{perez2013safety,
  title={A safety concept for a wind power mixed-criticality embedded system based on multicore partitioning},
  author={Perez, Jon and Gonzalez, David and Trujillo, Salvador and Trapman, Ton and Garate, Jose Miguel},
  journal={Proc. WMC, RTSS},
  pages={25--30},
  year={2013}
}


@incollection{paul2014resource,
  title={Resource-aware harris corner detection based on adaptive pruning},
  author={Paul, Johny and Stechele, Walter and Kr{\"o}hnert, Manfred and Asfour, Tamim and Oechslein, Benjamin and Erhardt, Christoph and Schedel, Jens and Lohmann, Daniel and Schr{\"o}der-Preikschat, Wolfgang},
  booktitle={Architecture of Computing Systems--ARCS 2014},
  pages={1--12},
  year={2014},
  publisher={Springer}
}


@article{lari2014massively,
  title={Massively Parallel Processor Architectures for Resource-aware Computing},
  author={Lari, Vahid and Tanase, Alexandru and Hannig, Frank and Teich, J{\"u}rgen},
  journal={arXiv preprint arXiv:1405.2907},
  year={2014}
}

@article{Hamed:12,
   author = {{H. F. A. Hamed, F. A. Elmisery, \emph{et al.}}},
   title = {Implementation of Low Area and High Data Throughput {CRC} Design on {FPGA}},
   journal = {IJARCSEE},
   volume = {1},
   number = {9},
   year = {2012}
}

@inproceedings{murali2007temperature,
  title={{Temperature-aware processor frequency assignment for MPSoCs using convex optimization}},
  author={Murali, Srinivasan and Mutapcic, Almir and Atienza, David and Gupta, Rajesh and Boyd, Stephen and De Micheli, Giovanni},
  booktitle={Hardware/Software Codesign and System Synthesis (CODES+ ISSS), 2007 5th IEEE/ACM/IFIP International Conference on},
  pages={111--116},
  year={2007},
  organization={IEEE}
}


@inproceedings{lafrieda2007utilizing,
  title={Utilizing dynamically coupled cores to form a resilient chip multiprocessor},
  author={LaFrieda, Christopher and Ipek, Engin and Martinez, Jose F and Manohar, Rajit},
  booktitle={Dependable Systems and Networks, 2007. DSN'07. 37th Annual IEEE/IFIP International Conference on},
  pages={317--326},
  year={2007},
  organization={IEEE}
}
@article{mossinger2010software,
  title={Software in automotive systems},
  author={M{\"o}ssinger, J{\"u}rgen},
  journal={IEEE software},
  volume={27},
  number={2},
  pages={0092--94},
  year={2010},
  publisher={IEEE Computer Society}
}
@inproceedings{coskun2007temperature,
  title={{Temperature aware task scheduling in MPSoCs}},
  author={Coskun, Ayse Kivilcim and Rosing, Tajana Simunic and Whisnant, Keith},
  booktitle={Proceedings of the conference on Design, automation and test in Europe},
  pages={1659--1664},
  year={2007},
  organization={EDA Consortium}
}

@inproceedings{fu2013demand,
  title={On-demand thread-level fault detection in a concurrent programming environment},
  author={Fu, Jian and Yang, Qiang and Poss, Raphael and Jesshope, Chris R and Zhang, Chunyuan},
  booktitle={Embedded Computer Systems: Architectures, Modeling, and Simulation (SAMOS XIII), 2013 International Conference on},
  pages={255--262},
  year={2013},
  organization={IEEE}
}

@inproceedings{meyer2011reducing,
  title={Reducing the cost of redundant execution in safety-critical systems using relaxed dedication},
  author={Meyer, Brett H and George, Nishant and Calhoun, Benton and Lach, John and Skadron, Kevin},
  booktitle={Design, Automation \& Test in Europe Conference \& Exhibition (DATE), 2011},
  pages={1--6},
  year={2011},
  organization={IEEE}
}


@inproceedings{lin2005improving,
  title={Improving soft real-time performance through better slack reclaiming},
  author={Lin, Caixue and Brandt, Scott A},
  booktitle={Real-Time Systems Symposium, 2005. RTSS 2005. 26th IEEE International},
  pages={12--pp},
  year={2005},
  organization={IEEE}
}

@inproceedings{dobel2012operating,
  title={Operating system support for redundant multithreading},
  author={D{\"o}bel, Bj{\"o}rn and H{\"a}rtig, Hermann and Engel, Michael},
  booktitle={Proceedings of the tenth ACM international conference on Embedded software},
  pages={83--92},
  year={2012},
  organization={ACM}
}

@inproceedings{hessel2008acceleration,
  title={Acceleration of the L4/Fiasco microkernel using scratchpad memory},
  author={Hessel, Sebastian and Bruns, Felix and Bilgic, Attila and Lackorzynski, Adam and H{\"a}rtig, Hermann and Hausner, Josef},
  booktitle={Proceedings of the First Workshop on Virtualization in Mobile Computing},
  pages={6--10},
  year={2008},
  organization={ACM}
}

@inproceedings{nelson2014comik,
  title={CoMik: a predictable and cycle-accurately composable real-time microkernel},
  author={Nelson, Andrew and Beyranvand Nejad, Ashkan and Molnos, Anca and Koedam, Martijn and Goossens, Kees},
  booktitle={Design, Automation and Test in Europe Conference and Exhibition (DATE), 2014},
  pages={1--4},
  year={2014},
  organization={IEEE}
}


@article{garcia2013developing,
  title={{Developing embedded control systems with XtratuM: Application to control the attitude of a mini-helicopter}},
  author={Garc{\i}a, P and Albertos, P and Crespo, A and Gonz{\'a}lez, F},
  year={2013}
}

@inproceedings{meixner2007argus,
  title={Argus: Low-cost, comprehensive error detection in simple cores},
  author={Meixner, Albert and Bauer, Michael E and Sorin, Daniel J},
  booktitle={Microarchitecture, 2007. MICRO 2007. 40th Annual IEEE/ACM International Symposium on},
  pages={210--222},
  year={2007},
  organization={IEEE}
}


@inproceedings{nathan2014nostradamus,
  title={Nostradamus: Low-cost hardware-only error detection for processor cores},
  author={Nathan, Ralph and Sorin, Daniel J},
  booktitle={Design, Automation and Test in Europe Conference and Exhibition (DATE), 2014},
  pages={1--6},
  year={2014},
  organization={IEEE}
}

@inproceedings{ferreira2014adaptive,
  title={Adaptive Low-Power Architecture for High-Performance and Reliable Embedded Computing},
  author={Ferreira, Ronaldo R and Rolt, Jean da and Nazar, Gabriel L and Moreira, Alvaro F and Carro, Luigi},
  booktitle={Dependable Systems and Networks (DSN), 2014 44th Annual IEEE/IFIP International Conference on},
  pages={538--549},
  year={2014},
  organization={IEEE}
}

@inproceedings{kopetz2007automotive,
  title={Automotive software development for a multi-core system-on-a-chip},
  author={Kopetz, Hermann and Obermaisser, Roman and El Salloum, Christian and Huber, Bernhard},
  booktitle={Software Engineering for Automotive Systems, 2007. ICSE Workshops SEAS'07. Fourth International Workshop on},
  pages={2--2},
  year={2007},
  organization={IEEE}
}

@inproceedings{lifa2010hardware,
  title={Hardware/software optimization of error detection implementation for real-time embedded systems},
  author={Lifa, Adrian and Eles, Petru and Peng, Zebo and Izosimov, Viacheslav},
  booktitle={Proceedings of the eighth IEEE/ACM/IFIP international conference on Hardware/software codesign and system synthesis},
  pages={41--50},
  year={2010},
  organization={ACM}
}
@article{el2013across,
  title = {The {ACROSS MPSoC}: A new generation of multi-core processors designed for safety critical embedded systems},
  author={El Salloum, Christian and Elshuber, Martin and H{\"o}ftberger, Oliver and Isakovic, Haris and Wasicek, Armin},
  journal={Microprocessors and Microsystems},
  volume={37},
  number={8},
  pages={1020--1032},
  year={2013},
  publisher={Elsevier}
}

@article{huang2014framework,
  title={A framework for reliability-aware embedded system design on multiprocessor platforms},
  author={Huang, Jia and Barner, Simon and Raabe, Andreas and Buckl, Christian and Knoll, Alois},
  journal={Microprocessors and Microsystems},
  year={2014},
  publisher={Elsevier}
}


@inproceedings{nelis2014challenge,
  title={The challenge of time-predictability in modern many-core architectures},
  author={N{\'e}lis, Vincent and Yomsi, Patrick Meumeu and Fonseca, Luis Miguel Pinho Jos{\'e} and Qui{\~n}ones, Marko Bertogna Eduardo and Vargas, Roberto and Marongiu, Andrea},
  booktitle={14th International Workshop on Worst-Case Execution Time Analysis},
  pages={63},
  year={2014}
}

@incollection{teich2011invasive,
  title={Invasive computing: An overview},
  author={Teich, J{\"u}rgen and Henkel, J{\"o}rg and Herkersdorf, Andreas and Schmitt-Landsiedel, Doris and Schr{\"o}der-Preikschat, Wolfgang and Snelting, Gregor},
  booktitle={Multiprocessor System-on-Chip},
  pages={241--268},
  year={2011},
  publisher={Springer}
}

@inproceedings{crespo2010partitioned,
  title={{Partitioned embedded architecture based on hypervisor: The Xtratum approach}},
  author={Crespo, Alfons and Ripoll, Ismael and Masmano, Miguel},
  booktitle={Dependable Computing Conference (EDCC), 2010 European},
  pages={67--72},
  year={2010},
  organization={IEEE}
}

@inproceedings{lemonnier2012towards,
  title={Towards future adaptive multiprocessor systems-on-chip: an innovative approach for flexible architectures},
  author={Lemonnier, Fabrice and Millet, Philippe and Almeida, Gabriel Marchesan and Hubner, M and Becker, J{\"u}rgen and Pillement, S{\'e}bastien and Sentieys, Olivier and Koedam, Martijn and Sinha, Shubhendu and Goossens, Kees and others},
  booktitle={Embedded Computer Systems (SAMOS), 2012 International Conference on},
  pages={228--235},
  year={2012},
  organization={IEEE}
}

@inproceedings{bruns2010evaluation,
  title={An evaluation of microkernel-based virtualization for embedded real-time systems},
  author={Bruns, Felix and Traboulsi, Shadi and Szczesny, David and Gonzalez, Elizabeth and Xu, Yang and Bilgic, Attila},
  booktitle={Real-Time Systems (ECRTS), 2010 22nd Euromicro Conference on},
  pages={57--65},
  year={2010},
  organization={IEEE}
}

@article{sangiovanni2007embedded,
  title={Embedded system design for automotive applications},
  author={Sangiovanni-Vincentelli, Alberto and Di Natale, Marco},
  journal={IEEE Computer},
  volume={40},
  number={10},
  pages={42--51},
  year={2007}
}


@techreport{brewerton2013hardware,
  title={Hardware Based Paravirtualization: Simplifying the Co-Hosting of Legacy Code for Mixed Criticality Applications},
  author={Brewerton, Simon and Schneider, Rolf},
  year={2013},
  institution={SAE Technical Paper}
}

@online{infineon2014aurix,
  author = {Infineon},
  title = {{AURIX Family - TC29xT}},
  year = 2014,
  url = {http://www.infineon.com/cms/en/product/channel.html?channel=db3a304342c787030142dc92c9aa1674},
  urldate = {2014-10-15}
}


@online{beij_traffic,
  author = {autoevolution},
  title = {{The longest traffic jam in history - 12 days, 62-mile-long}},
  year = 2014,
  url = {http://www.autoevolution.com/news/the-longest-traffic-jam-in-history-12-days-62-mile-long-47237.html#agal_0},
  urldate = {2014-10-15}
}


@online{freescale2014qorivva,
  author = {Freescale},
  title = {{MPC577xK 32-bit MCU for ADAS Applications}},
  year = 2014,
  url = {http://www.freescale.com/webapp/sps/site/prod_summary.jsp?code=MPC577xK},
  urldate = {2014-11-15}
}


@book{altera_ip_ug,
  title = {{Embedded Peripheral IP User Guide}},
  year = 2014,
  publisher = {Altera},
}
@online{alteraniossc,
  author = {Altera},
  title = {{Altera's DO-254/ED-80 Certifiable Nios II Processor Leveraged in Thales Safety-Critical Avionics System Certified by EASA}},
  year = 2010,
  url = {http://www.altera.com/corporate/news_room/releases/2010/products/nr-do-254.html?f=hp&k=wn1},
  urldate = {2014-10-15}
}
@online{sim_trans,
  author = {{The Mathworks, Inc}},
  title = {{Modeling an Automatic Transmission Controller}},
  year = 2014,
  url = {http://www.mathworks.com/help/simulink/examples/modeling-an-automatic-transmission-controller.html},
  urldate = {2014-11-24}
}
@incollection{abel2013impact,
  title={Impact of resource sharing on performance and performance prediction: A survey},
  author={Abel, Andreas and Benz, Florian and Doerfert, Johannes and D{\"o}rr, Barbara and Hahn, Sebastian and Haupenthal, Florian and Jacobs, Michael and Moin, Amir H and Reineke, Jan and Schommer, Bernhard and others},
  booktitle={CONCUR 2013--Concurrency Theory},
  pages={25--43},
  year={2013},
  publisher={Springer}
}

@inproceedings{caplan2014trade,
  title={Trade-offs in execution signature compression for reliable processor systems},
  author={Caplan, Jonah and Mera, Maria Isabel and Milder, Peter and Meyer, Brett H},
  booktitle={Proceedings of the conference on Design, Automation \& Test in Europe},
  pages={93},
  year={2014},
  organization={European Design and Automation Association}
}

@book{xilinx_lockstep,
	author        = {{Xilinx}},
	title         = {{Spartan-6 FPGA Dual-Lockstep MicroBlaze
Processor with Isolation Design Flow}},
	year          = {2012},
	month         = {July},
	series        = {Application Note: Spartan-6 FPGAs. XAPP584},
}

%%% from cases11

@inproceedings{baleani:ftp4sca,
 author = {{M. Baleani, A. Ferrari, \emph{et al.}}},
 title = {Fault-tolerant platforms for automotive safety-critical applications},
 booktitle = {CASES'03},
 year = {2003},
 }

%  author = {Pramod Subramanyan and Virendra Singh and Kewal K. Saluja and Erik Larsson},
@inproceedings{subramanyan:mre,
  author = {{P. Subramanyan, V. Singh, \emph{et al.}}},
  title = {Multiplexed Redundant Execution: A Technique for Efficient Fault Tolerance in Chip Multiprocessors},
  booktitle = {DATE'10},
  year = {2010},
}

@inproceedings{sloan:nmr,
 author = {Joseph Sloan and Rakesh Kumar},
 title = {Towards Scalable Reliability Frameworks for Error Prone {CMPs}},
 booktitle = {CASES'09},
 year = {2009},
 }

@inproceedings{guthaus2001mibench,
  title={{MiBench}: A free, commercially representative embedded benchmark suite},
  author={Guthaus, Matthew R and Ringenberg, Jeffrey S and Ernst, Dan and Austin, Todd M and Mudge, Trevor and Brown, Richard B},
  booktitle={Workload Characterization, 2001. WWC-4. 2001 IEEE International Workshop on},
  pages={3--14},
  year={2001},
  organization={IEEE}
}


@article{Baumann:05,
   author = {Baumann, Robert C},
   title = {Radiation-induced soft errors in advanced semiconductor technologies},
   journal = {IEEE Trans. Device Mater. Rel.},
   volume = {5},
   number = {3},
   year = {2005}
}
@INPROCEEDINGS{ungsunan2009improving, 
author={Ungsunan, P.D. and Chuang Lin and Yi Gai and Xiangzhen Kong}, 
booktitle={Communication Software and Networks, 2009. ICCSN '09. International Conference on}, 
title={Improving Network Processing Dependability with Heterogeneous Reliability Cores}, 
year={2009}, 
month={Feb}, 
pages={479-483}, 
keywords={integrated circuit reliability;microprocessor chips;embedded multi-core;heterogeneous multi-core architecture;heterogeneous reliability cores;network processing dependability;network processors;software process requirements;Computer architecture;Computer network reliability;Embedded software;Hardware;Multicore processing;Power system reliability;Risk management;Software performance;Telecommunication network reliability;Voltage;dependability;heterogeneous multi-core;reliability}, 
doi={10.1109/ICCSN.2009.147},}


%	author = {Amit Golander and Shlomo Weiss and Ronny Ronen},
@article{Golander:08,
	author = {{A. Golander, S. Weiss, \emph{et al.}}},
	title = {{DDMR}: Dynamic and Scalable Dual Modular Redundancy with Short Validation Intervals},
	journal = {IEEE Computer Architecture Letters},
	volume = 7,
	number = 2,
	year = 2008,
	}
	@inproceedings{he2003reliability,
  title={Reliability driven task scheduling for heterogeneous systems.},
  author={He, Yi and Shao, Zili and Xiao, Bin and Zhuge, Qingfeng and Sha, Edwin},
  booktitle={Fifteenth IASTED International Conference on Parallel and Distributed Computing and Systems},
  volume={1},
  pages={465--470},
  year={2003}
}
	@inproceedings{hruby2013slower,
  title={When Slower Is Faster: On Heterogeneous Multicores for Reliable Systems.},
  author={Hruby, Tomas and Bos, Herbert and Tanenbaum, Andrew S},
  booktitle={USENIX Annual Technical Conference},
  pages={255--266},
  year={2013},
  organization={Citeseer}
}
@article{bolchini2013reliability,
  title={Reliability-driven system-level synthesis for mixed-critical embedded systems},
  author={Bolchini, Cristiana and Miele, Antonio},
  journal={Computers, IEEE Transactions on},
  volume={62},
  number={12},
  pages={2489--2502},
  year={2013},
  publisher={IEEE}
}

@article{Ibe:10,
	author = {Eishi Ibe and Hitoshi Taniguchi and Yasuo Yahagi and Ken-ichi Shimbo and Tadanobu Toba},
	title = {Impact of scaling on neutron-induced soft error rate in {SRAMs} from a 250 nm to a 22 nm design rule},
	journal = {IEEE Trans. Electron Devices},
	volume = 57,
	number = 7,
	month = July,
	year = 2010,
	}

@article{Maxino:09,
   author = {Maxino, T. C. and Koopman, P. J.},
   title = {The effectiveness of checksums for embedded control networks},
   journal = {Dependable and Secure Computing, IEEE Transactions on},
   volume = {6},
   number = {1},
   pages = {59-72},
   year = {2009}
}

%	author = {Brett H. Meyer and Mojing Liu and Jonah Caplan and Georgi Z. Kostadinov},
@inproceedings{Meyer:13,
	author = {{B. H. Meyer, M. Liu, \emph{et al.}}},
	title =  {Rapid, Tunable Error Detection with Execution Fingerprinting},
	booktitle = {SAE 2013 AeroTech},
	year = 2013,
	}

@inproceedings{Rotenberg:99,
	author = {E. Rotenberg},
	title = {{AR-SMT}: a microarchitectural approach to fault tolerance in microprocessors},
	booktitle = {FTCS'99},
	year = 1999},
	}

%   author = {Smolens, J.C. and Gold, B.T. and Kim, J. and Falsafi, B. and Hoe, J.C. and Nowatzyk, A.G.},
@inproceedings{Smolens:04,
   author = {{J. C. Smolens, B. T. Gold, \emph{et al.}}},
   title = {Fingerprinting: bounding soft-error detection latency and bandwidth},
   booktitle = {ASPLOS'04},
   year = 2004,
}


%   author = {Meyer, B. H. and Calhoun, B. H. and Lach, J. and Skadron, K.},
@inproceedings{Meyer:CASES11,
   author = {{B. H. Meyer, B. H. Calhoun, \emph{et al.}}},
   title = {Cost-effective safety and fault localization using distributed temporal redundancy},
   booktitle = {CASES'11},
   year = 2011,
}

@inproceedings{koopman200232,
  title={32-bit cyclic redundancy codes for internet applications},
  author={Koopman, Philip},
  booktitle={Dependable Systems and Networks, 2002. DSN 2002. Proceedings. International Conference on},
  pages={459--468},
  year={2002},
  organization={IEEE}
}