@article{teich2012hardware,
  title={{Hardware/software codesign: The past, the present, and predicting the future}},
  author={Teich, J{\"u}rgen},
  journal={Proceedings of the IEEE},
  volume={100},
  number={Special Centennial Issue},
  pages={1411--1430},
  year={2012},
  publisher={IEEE}
}



@article{chattopadhyay2014unified,
  title={A unified WCET analysis framework for multicore platforms},
  author={Chattopadhyay, Sudipta and Chong, Lee Kee and Roychoudhury, Abhik and Kelter, Timon and Marwedel, Peter and Falk, Heiko},
  journal={ACM Transactions on Embedded Computing Systems (TECS)},
  volume={13},
  number={4s},
  pages={124},
  year={2014},
  publisher={ACM}
}

@inproceedings{fleming2014incorporating,
  title={Incorporating the notion of importance into mixed criticality systems},
  author={Fleming, Tom and Burns, Alan},
  booktitle={Proc. 2nd Workshop on Mixed Criticality Systems (WMC), RTSS},
  pages={33--38},
  year={2014}
}

@article{bini2005measuring,
  title={Measuring the performance of schedulability tests},
  author={Bini, Enrico and Buttazzo, Giorgio C},
  journal={Real-Time Systems},
  volume={30},
  number={1-2},
  pages={129--154},
  year={2005},
  publisher={Springer}
}

@inproceedings{bate2015bailout,
  title={A bailout protocol for mixed criticality systems},
  author={Bate, Iain and Burns, Alan and Davis, Robert I},
  booktitle={Real-Time Systems (ECRTS), 2015 27th Euromicro Conference on},
  pages={259--268},
  year={2015},
  organization={IEEE}
}

@inproceedings{al2015enhanced,
  title={Enhanced partitioned scheduling of Mixed-Criticality Systems on multicore platforms},
  author={Al-bayati, Zaid and Zhao, Qingling and Youssef, Ahmed and Zeng, Haibo and Gu, Zonghua},
  booktitle={Design Automation Conference (ASP-DAC), 2015 20th Asia and South Pacific},
  pages={630--635},
  year={2015},
  organization={IEEE}
}

@article{gustafsson2010malardalen,
  title={The M{\"a}lardalen WCET Benchmarks: Past, Present And Future.},
  author={Gustafsson, Jan and Betts, Adam and Ermedahl, Andreas and Lisper, Bj{\"o}rn},
  journal={WCET},
  volume={15},
  pages={136--146},
  year={2010}
}

@article{nemer2006papabench,
  title={PapaBench: a Free Real-Time Benchmark.},
  author={Nemer, Fadia and Cass{\'e}, Hugues and Sainrat, Pascal and Bahsoun, Jean Paul and De Michiel, Marianne},
  journal={WCET},
  volume={4},
  year={2006}
}

@inproceedings{gustafsson2006automatic,
  title={Automatic derivation of loop bounds and infeasible paths for WCET analysis using abstract execution},
  author={Gustafsson, Jan and Ermedahl, Andreas and Sandberg, Christer and Lisper, Bj{\"o}rn},
  booktitle={Real-Time Systems Symposium, 2006. RTSS'06. 27th IEEE International},
  pages={57--66},
  year={2006},
  organization={IEEE}
}

@inproceedings{suhendra2006efficient,
  title={Efficient detection and exploitation of infeasible paths for software timing analysis},
  author={Suhendra, Vivy and Mitra, Tulika and Roychoudhury, Abhik and Chen, Ting},
  booktitle={Proceedings of the 43rd annual Design Automation Conference},
  pages={358--363},
  year={2006},
  organization={ACM}
}

@inproceedings{goossens2013compsoc,
  title={{The CompSOC design flow for virtual execution platforms}},
  author={Goossens, Sven and Akesson, Benny and Koedam, Martijn and Nejad, Ashkan Beyranvand and Nelson, Andrew and Goossens, Kees},
  booktitle={Proceedings of the 10th FPGAworld Conference},
  pages={7},
  year={2013},
  organization={ACM}
}

@inproceedings{baruah2011response,
  title={Response-time analysis for mixed criticality systems},
  author={Baruah, Sanjoy K and Burns, Alan and Davis, Robert I},
  booktitle={Real-Time Systems Symposium (RTSS), 2011 IEEE 32nd},
  pages={34--43},
  year={2011},
  organization={IEEE}
}

@inproceedings{kim2013novel,
  title={A novel analytical method for worst case response time estimation of distributed embedded systems},
  author={Kim, Jinwoo and Oh, Hyunok and Choi, Junchul and Ha, Hyojin and Ha, Soonhoi},
  booktitle={Proceedings of the 50th Annual Design Automation Conference},
  pages={129},
  year={2013},
  organization={ACM}
}

@article{burns2013mixed,
  title={Mixed criticality systems-a review},
  author={Burns, Alan and Davis, Robert},
  journal={Department of Computer Science, University of York, Tech. Rep},
  year={2013}
}

@misc{heptane,
  title = {{Heptane static WCET estimation tool}},
  author = {Puaut, I. and Hardy, D.},
  howpublished = {\url{https://team.inria.fr/alf/software/heptane/}},
  note = {Accessed: 2015-12-14}
}
@inproceedings{ruiz2015using,
  title={{Using SMT Solving for the Lookup of Infeasible Paths in Binary Programs}},
  author={Ruiz, Jordy and Cass{\'e}, Hugues},
  booktitle={OASIcs-OpenAccess Series in Informatics},
  volume={47},
  year={2015},
  organization={Schloss Dagstuhl-Leibniz-Zentrum fuer Informatik}
}

@misc{andrew2002modern,
  title={Modern compiler implementation in {Java}},
  author={Appel, Andrew W. and Jens, P},
  year={2002},
  publisher={Cambridge}
}

@inproceedings{wagemann2015gene,
  title={{GenE: A Benchmark Generator for WCET Analysis}},
  author={W{\"a}gemann, Peter and Distler, Tobias and H{\"o}nig, Timo and Sieh, Volkmar and Schr{\"o}der-Preikschat, Wolfgang},
  booktitle={OASIcs-OpenAccess Series in Informatics},
  volume={47},
  year={2015},
  organization={Schloss Dagstuhl-Leibniz-Zentrum fuer Informatik}
}

@article{huang2012framework,
  title={{A framework for reliability-aware design exploration on mpsoc based systems}},
  author={Huang, Jia and Raabe, Andreas and Huang, Kai and Buckl, Christian and Knoll, Alois},
  journal={Design Automation for Embedded Systems},
  volume={16},
  number={4},
  pages={189--220},
  year={2012},
  publisher={Springer}
}


@article{gauthier2001automatic,
  title={{Automatic generation and targeting of application-specific operating systems and embedded systems software}},
  author={Gauthier, Lovic and Yoo, Sungjoo and Jerraya, Ahmed Amine},
  journal={Computer-Aided Design of Integrated Circuits and Systems, IEEE Transactions on},
  volume={20},
  number={11},
  pages={1293--1301},
  year={2001},
  publisher={IEEE}
}

@inproceedings{li1995performance,
  title={{Performance analysis of embedded software using implicit path enumeration}},
  author={Li, Yau-Tsun Steven and Malik, Sharad},
  booktitle={ACM SIGPLAN Notices},
  volume={30},
  number={11},
  pages={88--98},
  year={1995},
  organization={ACM}
}

@article{bolchini2013reliability,
  title={{Reliability-driven system-level synthesis for mixed-critical embedded systems}},
  author={Bolchini, Cristiana and Miele, Antonio},
  journal={Computers, IEEE Transactions on},
  volume={62},
  number={12},
  pages={2489--2502},
  year={2013},
  publisher={IEEE}
}

@inproceedings{kang2014static,
  title={{Static Mapping of Mixed-Critical Applications for Fault-Tolerant MPSoCs}},
  author={Kang, Shin-haeng and Yang, Hoeseok and Kim, Sungchan and Bacivarov, Iuliana and Ha, Soonhoi and Thiele, Lothar},
  booktitle={Proceedings of the 51st Annual Design Automation Conference},
  pages={1--6},
  year={2014},
  organization={ACM}
}

@inproceedings{sigrist2015mixed,
  title={{Mixed-criticality runtime mechanisms and evaluation on multicores}},
  author={Sigrist, Lukas and Giannopoulou, Georgia and Huang, Pengcheng and Gomez, Andres and Thiele, Lothar},
  booktitle={Real-Time and Embedded Technology and Applications Symposium (RTAS), 2015 IEEE},
  pages={194--206},
  year={2015},
  organization={IEEE}
}

@inproceedings{puffitsch2013mapping,
  title={{Mapping a multi-rate synchronous language to a many-core processor}},
  author={Puffitsch, Wolfgang and Noulard, Eric and Pagetti, Claire},
  booktitle={Real-Time and Embedded Technology and Applications Symposium (RTAS), 2013 IEEE 19th},
  pages={293--302},
  year={2013},
  organization={IEEE}
}

@misc{geatbx,
  author = {{Geat BX}},
  title = {Evolutionary Algorithms: Overview, Methods and Operators},
  howpublished = {\url{http://www.geatbx.com/docu/docutoc.html\#TopOfPage}},
  note = {Accessed: 2015-03-12}
}

@article{bolchini2010multi,
  title={A multi-objective genetic algorithm framework for design space exploration of reliable FPGA-based systems},
  author={Bolchini, Cristiana and others},
  year={2010},
  publisher={Citeseer}
}

@misc{jgap,
  author = {JGAP},
  title = {{JGAP: Java Genetic Algorithms Package}},
  year={2012},
  howpublished={\url{http://jgap.sourceforge.net}}
}
@misc{ovp,
  author = {{Open Virtual Platforms}},
  title = {{Open Virtual Platforms - the source of Fast Processor Models \& Platforms}},
  year={2016},
  howpublished={\url{http://www.ovpworld.org}}
}
@misc{imperas,
  author = {{Imperas}},
  title = {{Imperas - Revolutionizing Embedded Software Development}},
  year={2016},
  howpublished={\url{http://www.imperas.com}}
}

@misc{simulink,
  author = {{The MathWorks}},
  title = {{Simulink - Simulation and Model-Based Design}},
  year={2016},
  howpublished={\url{http://www.mathworks.com}}
}

@inproceedings{albayati2016modes,
  title={A Four-Mode Model for Efficient
Fault-Tolerant Mixed-Criticality Systems},
  author={Al-Bayati, Z. and Caplan, J. and Zeng, H. and Meyer,B. H.},
  booktitle={Proceedings of the conference on Design, Automation \& Test in Europe},
  year={2016},
  organization={European Design and Automation Association}
}


@INPROCEEDINGS{kang2014reliability, 
author={Shin-Haeng Kang and Hoeseok Yang and Sungchan Kim and Bacivarov, I. and Soonhoi Ha and Thiele, L.}, 
booktitle={Design, Automation and Test in Europe Conference and Exhibition (DATE), 2014}, 
title={Reliability-aware mapping optimization of multi-core systems with mixed-criticality}, 
year={2014}, 
pages={1-4}, 
keywords={multiprocessing systems;optimisation;probability;reliability;scheduling;mixed critical multicore systems;modular redundancy;optimized voter placement;passive replication;quantitative reliability metric;reliability aware mapping optimization;scheduling analysis;Digital TV;Optimization;Power dissipation;Program processors;Reliability;Safety;Standards}, 
doi={10.7873/DATE.2014.340}, 
month={March},}

@MastersThesis{ugthesis,
    author     =     {Jonah Caplan},
    title     =     {{Heterogeneous Reliability for Multiprocessor Mixed-criticality Systems}},
    school     =     {McGill University},
    address     =     {Canada},
    type = {{B.Eng. thesis}},
    year     =     {2014},
 }
 
 @MastersThesis{mcsaf,
    author     =     {Jesse Doherty},
    title     =     {{McSAF: An Extensible Static Analysis Framework For The Matlab Language}},
    school     =     {McGill University},
    address     =     {Canada},
    type = {{M.S. thesis}},
    year     =     {2011},
 }
 
 
@MastersThesis{georgi,
    author     =     {Georgi Kostadinov},
    title     =     {{Fingerprinting for Flexible, Low-Cost and Low-Latency Error Detection}},
    school     =     {McGill University},
    address     =     {Canada},
    type = {{B.Eng. thesis}},
    year     =     {2013},
}
    
@misc{lauriesteps,
  author        = {Laurie Hendren},
  title         = {Lecture notes in Program Analysis and Transformations ({COMP} 621)},
  month         = {September},
  year          = {2015},
  publisher={Faculty of Computer Science, McGill University}
}

@inproceedings{alteraovp,
  title={{Customized, Intelligent Memory Access Monitoring for Reliable Asymmetric MultiProcessor System
Development}},
  author={Davidmann, Simon and Lapides, Larry and Zammattio, Stefano},
  booktitle={Embedded World, 2014},
  year={2014},
}


@inproceedings{dspace-hil,
  title={{Why Driver Assistance Systems change the HIL Testing to Virtual Vehicle}},
  author={Jurgen Klahold},
  booktitle={Forum Mecatronique dSPACE, 2014},
  year={2014},
}



